@book{chp2.6,
    author = {Roland Siegwart and Illah R. Nourbakhsh},
    booktitle = {Introduction to Autonomous Mobile Robots},
    pages = {97},
    title = "Perception",
    year = "2004"}

@book{robotic,
    author    = "Danijela Ristić-Durrant",
    title     = "{Robotics I-Lecture Notes}",
    year      = "2015",
    publisher = "University of Bremen",
    address   = "Bremen, Germany"}
    
@book{intro_auto,
    author    = "Mikell P. Groover",
    title     = "{Fundamentals of Modern Manufacturing: Materials, Processes, and Systems}",
    year      = "2010",
    publisher = "JOHN WILEY \& SONS, INC.",
    address   = " Danvers, USA"}

@book{ACs3,
    author = {Ben-Ari, Mordechai and Mondada, Francesco},
    booktitle = "{Elements of Robotics}",
    doi = {10.1007/978-3-319-62533-1},
    pages = {1--308},
    title = "{Elements of Robotics}",
    year = {2017}}
    

@article{chp2.5,
author = {Urmson, Chris and Anhalt, Joshua and Bagnell, Drew and Baker, Christopher and Bittner, Robert and Clark, M. N. and Dolan, John and Duggins, Dave and Galatali, Tugrul and Geyer, Chris and Gittleman, Michele and Harbaugh, Sam and Hebert, Martial and Howard, Thomas M. and Kolski, Sascha and Kelly, Alonzo and Likhachev, Maxim and McNaughton, Matt and Miller, Nick and Peterson, Kevin and Pilnick, Brian and Rajkumar, Raj and Rybski, Paul and Salesky, Bryan and Seo, Young-Woo and Singh, Sanjiv and Snider, Jarrod and Stentz, Anthony and Whittaker, William “Red” and Wolkowicki, Ziv and Ziglar, Jason and Bae, Hong and Brown, Thomas and Demitrish, Daniel and Litkouhi, Bakhtiar and Nickolaou, Jim and Sadekar, Varsha and Zhang, Wende and Struble, Joshua and Taylor, Michael and Darms, Michael and Ferguson, Dave},
title = "{Autonomous driving in urban environments: Boss and the Urban Challenge}",
journal = {Journal of Field Robotics},
year=2008,
pages = {425-466},
doi = {10.1002/rob.20255}
}
  
@ARTICLE{chp2.7, 
author={S. Kuutti and S. Fallah and K. Katsaros and M. Dianati and F. Mccullough and A. Mouzakitis}, 
journal={IEEE Internet of Things Journal}, 
title="{A Survey of the State-of-the-Art Localization Techniques and Their Potentials for Autonomous Vehicle Applications}", 
year={2018}, 
pages={829-846}, 
doi={10.1109/JIOT.2018.2812300}}

@phdthesis{chp2.8,
    title    = "{Automatic Laser Calibration, Mapping, and Localization for Autonomous Vehicles}",
    school   = {Stanford University},
    author   = { Levinson, J. },
    year     = {2011},
    type     = {{PhD} dissertation}}
  
@Article{chp2.9,
AUTHOR = {Sabatini, Angelo Maria},
TITLE = "{Kalman-Filter-Based Orientation Determination Using Inertial/Magnetic Sensors: Observability Analysis and Performance Evaluation}",
JOURNAL = {Sensors},
YEAR = {2011},
PAGES = {9182--9206},
DOI = {10.3390/s111009182}
}
    
@article{chp2.10,
    author = "{T.J. Chong, X.J. Tang, C.H. Leng, M. Yogeswaran, O.E. Ng, Y.Z. Chong}",
    doi = { 10.1016/j.procs.2015.12.336 },
    title = "{Sensor Technologies and Simultaneous Localization and Mapping(SLAM)}",
    journal = "IEEE International Symposium on Robotics and Intelligent Sensors ",
    year = "2015"}  

@ARTICLE{slam, 
author={H. Durrant-Whyte and T. Bailey}, 
journal={IEEE Robotics Automation Magazine}, 
title= "{Simultaneous localization and mapping: part I}", 
year={2006}, 
pages={99-110}, 
doi={10.1109/MRA.2006.1638022}}

@article{slam1,
author = {Smith, Randall and Self, Matthew and Cheeseman, Peter},
year = {1987},
pages = {467-474},
title = "{A stochastic map for uncertain spatial relationships}"
}
    
@article{slam2,
    author = "{M. Montemerlo, S. Thrun, D. Koller, and B. Wegbreit}",
    title = "{Fast-SLAM:A factored solution to the simultaneous localization and mapping problem}",
    journal = "Proc. AAAI Nat. Conf. Artif. Intell",
    pages = {593–598},
    year = "2002"} 
    
@article{slam3,
author = "Erik Einhorn and Horst-Michael Gross",
title = "{Generic NDT mapping in dynamic environments and its application for lifelong SLAM}",
journal = "Robotics and Autonomous Systems",
pages = "28 - 39",
year = "2015",
doi = "10.1016/j.robot.2014.08.008",}

@article{map,
    author = "Udo Frese and René Wagner and Thomas Röfer",
    doi ={10.1007/s13218-010-0040-4},
    title = "{A SLAM Overview from a User’s Perspective}",
    journal = "Künstl Intell",
    pages = {191-198},
    year = "2010"}

@INPROCEEDINGS{map1, 
author={S. Kato and S. Tokunaga and Y. Maruyama and S. Maeda and M. Hirabayashi and Y. Kitsukawa and A. Monrroy and T. Ando and Y. Fujii and T. Azumi}, 
booktitle={ACM/IEEE 9th International Conference on Cyber-Physical Systems (ICCPS)}, 
title="{Autoware on Board: Enabling Autonomous Vehicles with Embedded Systems}", 
year={2018}, 
pages={287-296}, 
doi={10.1109/ICCPS.2018.00035}}

@article{map2,
    author = "{Jari Saarinen, Henrik Andreasson, Todor Stoyanov and Achim J. Lilienthal}",
    title = "{Normal Distributions Transform Monte-Carlo Localization (NDT-MCL)}",
    journal = "IEEE/RSJ International Conference on
Intelligent Robots and Systems ",
    pages = {382-389},
    year = "2013"}

@article{odometry,
    author = {Murphy, Liz and Morris, Timothy and Fabrizi, Ugo and Warren, Michael and Milford, Michael and Upcroft, Ben and Bosse, Michael and Corke, Peter},
    doi = {10.1007/978-3-319-00065-7_58},
    journal = {Experimental Robotics},
    pages = {877--890},
    title = "{Experimental Comparison of Odometry Approaches}",
    year = {2013}}

@article{odometry1,
    author = {Borenstein,J. and Liqiang, F.},
    doi = {10.1109/70.544770},
    journal = {IEEE Transactions on Robotics and Automation},
    pages = {845--857},
    title = "{Measurement and Correction of Systematic Odometry Errors in Mobile Robots}",
    year = {1996}
}

@INPROCEEDINGS{odometry2, 
author={F. Azizi and N. Houshangi}, 
booktitle={Canadian Conference on Electrical and Computer Engineering}, 
title= "{Mobile robot position determination using data from gyro and odometry}", 
year={2004}, 
volume={2}, 
pages={719-722 Vol.2}, 
doi={10.1109/CCECE.2004.1345215}}

@article{kalman,
    author = {Kalman, R. E.},
    doi = {10.1115/1.3662552},
    journal = {Journal of Basic Engineering},
    pages = {35},
    title = "{A New Approach to Linear Filtering and Prediction Problems}",
    year = {1960}
    }
  
@article{kalman1,
    author = {Welch, Greg and Bishop, Gary},
    journal = {In Practice},
    pages = {1--16},
    title = "{An Introduction to the Kalman Filter}",
    url = {https://www.cs.unc.edu/~welch/media/pdf/kalman_intro.pdf},
    year = {2006}}
  
@article{kalman2,
  author = "{Gerald L. Smith, Stanley F. Schmidt and Leonard A. McGee}",
  title = "{Application of statistical filter theory to the optimal estimation of position and velocity on board a circumlunar vehicle}.",
  year = "1962"}

@article{kalman3,
    author = "Fung, Man Lok and Chen, Michael Z Q and Chen, Yong Hua",
    doi = "10.1109/CCDC.2017.7979175",
    journal = "29th Chinese Control And Decision Conference (CCDC)",
    pages = "3853--3860",
    title = "{Sensor Fusion : A Review of Methods and Applications}",
    year = "2017"}
  
@InProceedings{kalman4,
author="Moore, Thomas and Stouch, Daniel",
title="{A Generalized Extended Kalman Filter Implementation for the Robot Operating System}",
booktitle="Intelligent Autonomous Systems 13",
year="2016",
pages="335--348"}
 
@INPROCEEDINGS{kalman5, 
author={H. Khazraj and F. Faria da Silva and C. L. Bak},
journal={51st International Universities Power Engineering Conference (UPEC)}, 
title="{A performance comparison between extended Kalman Filter and unscented Kalman Filter in power system dynamic state estimation}", 
year={2016}, 
pages={1-6}, 
doi={10.1109/UPEC.2016.8114125}}
  
@INPROCEEDINGS{kalman6, 
author={S. Lynen and M. W. Achtelik and S. Weiss and M. Chli and R. Siegwart}, 
booktitle={IEEE/RSJ International Conference on Intelligent Robots and Systems}, 
title="{A robust and modular multi-sensor fusion approach applied to MAV navigation}", 
year={2013}, 
pages={3923-3929}, 
doi={10.1109/IROS.2013.6696917}}

@article{2dndt,
    author = {Peter Biber and Wolfgang Strasser},
    doi = {10.1109/IROS.2003.1249285},
    pages = {2743--2748},
    journal={ Proceedings IEEE/RSJ International Conference on Intelligent Robots and Systems},
    title = "{The normal distributions transform: a new approach to laser scan matching}",
    year = {2003}}
  
@article{3dndt,
    author = {Martin Magnusson and Achim Lilienthal},
    doi = {10.1002/rob.20204},
    journal = {J. Field Robotics},
    pages = {803--827},
    title = "{Scan Registration for Autonomous Mining Vehicles Using 3D-NDT}",
    year = {2007}}
  
@ARTICLE{icp, 
author={P. J. Besl and N. D. McKay}, 
journal={IEEE Transactions on Pattern Analysis and Machine Intelligence}, 
title="{A method for registration of 3-D shapes}", 
year={1992}, 
pages={239-256}, 
doi={10.1109/34.121791}}
  
@Article{sensor,
AUTHOR = {Vivacqua, Rafael and Vassallo, Raquel and Martins, Felipe},
TITLE = "{A Low Cost Sensors Approach for Accurate Vehicle Localization and Autonomous Driving Application}",
JOURNAL = {Sensors},
YEAR = {2017},
DOI = {10.3390/s17102359}
}

@phdthesis{icp2,
    title    = "{The Three-Dimensional Normal-Distributions Transform : an Efficient Representation for Registration, Surface Analysis, and Loop Detection}",
    school   = {Örebro universitet},
    author   = {Magnusson, M. },
    year     = {2009},
    type     = {{PhD} dissertation},
    url = {http://urn.kb.se/resolve?urn=urn:nbn:se:oru:diva-8458},
}


@article{icp3,
    author = {Segal, Aleksandr V and Haehnel, Dirk and Thrun, Sebastian},
    title = "{Generalized-ICP}",
    journal = {Robotics: Science and Systems},
    year=2009}

@article{icp4,
    author = {Kai Lingemann and Surmann, H. and Nuchter, A. and Hertzberg, J.},
    doi = {10.1109/IROS.2004.1389733},
    journal = {IEEE/RSJ International Conference on Intelligent Robots and Systems (IROS) (IEEE Cat. No.04CH37566)},
    pages = {2185--2190},
    title = "{Indoor and outdoor localization for fast mobile robots}",
    volume = {3},
    year = {2004}}

@article{noise,
title = "Noise in sensors",
journal = "Sensors and Actuators A: Physical",
volume = "21",
number = "1",
pages = "17 - 24",
year = "1990",
note = "Proceedings of the 5th International Conference on Solid-State Sensors and Actuators and Eurosensors III",
doi = "10.1016/0924-4247(90)85003-M",
author = "F. Bordoni and A. D'Amico"
}
 

@mastersthesis{icp5,
    title="{Multi-View ICP For 3D Reconstruction of Unknown Space Debris}",
    author={Tudor Paun},
    year={2014},
    school={Technical University Delft},
    address={Netherlands}}
    
@article{odomja,
author = {Hidalgo-Carrió, Javier and Poulakis, Pantelis and Kirchner, Frank},
title = "{Adaptive localization and mapping with application to planetary rovers}",
journal = {Journal of Field Robotics},
doi = {10.1002/rob.21790},
year=2018
}
    
@INPROCEEDINGS{NDT_SLAM, 
author={M. Mielle and M. Magnusson and H. Andreasson and A. J. Lilienthal}, 
booktitle={2017 IEEE International Symposium on Safety, Security and Rescue Robotics (SSRR)}, 
title="{SLAM auto-complete: Completing a robot map using an emergency map}", 
year={2017}, 
pages={35-40}, 
doi={10.1109/SSRR.2017.8088137}}

@article{6D_SLAM,
 author = {N\"{u}chter, Andreas and Lingemann, Kai and Hertzberg, Joachim and Surmann, Hartmut},
 title = "{6D SLAM-3D Mapping Outdoor Environments: Research Articles}",
 journal = {J. Field Robot.},
 year= {2007},
 pages = {699--722},
 numpages = {24},
 doi = {10.1002/rob.v24:8/9},

} 
    
@article{chp2.4,
author = {Thrun, Sebastian and Montemerlo, Mike and Dahlkamp, Hendrik and Stavens, David and Aron, Andrei and Diebel, James and Fong, Philip and Gale, John and Halpenny, Morgan and Hoffmann, Gabriel and Lau, Kenny and Oakley, Celia and Palatucci, Mark and Pratt, Vaughan and Stang, Pascal and Strohband, Sven and Dupont, Cedric and Jendrossek, Lars-Erik and Koelen, Christian and Markey, Charles and Rummel, Carlo and van Niekerk, Joe and Jensen, Eric and Alessandrini, Philippe and Bradski, Gary and Davies, Bob and Ettinger, Scott and Kaehler, Adrian and Nefian, Ara and Mahoney, Pamela},
title = "{Stanley: The robot that won the DARPA Grand Challenge}",
year=2006,
journal = {Journal of Field Robotics},
pages = {661-692},
doi = {10.1002/rob.20147}}

@article{kitti,
    author = {Geiger, Andreas and Lenz, Philip and Urtasun, Raquel},
    doi = {10.1109/CVPR.2012.6248074},
    title = "{Are we ready for Autonomous Driving? The KITTI Vision Benchmark Suite}",
    journal = {Computer Vision and Pattern Recognition},
    pages = {3354--3361},
    year = 2012}
  
    
@INPROCEEDINGS{ACs, 
author={E. A. Olson and N. Risso and A. M. Johnson and J. Sprinkle}, 
booktitle={CHILEAN Conference on Electrical, Electronics Engineering, Information and Communication Technologies (CHILECON)}, 
title="{Fuzzy control of an autonomous car using a smart phone}", 
year={2017}, 
pages={1-6}, 
doi={10.1109/CHILECON.2017.8229692}}

@article{ACs1,
title = "{Large-scale mapping in complex field scenarios using an autonomous car}",
journal = "Expert Systems with Applications",
volume = "46",
pages = "439 - 462",
year = "2016",
doi = "10.1016/j.eswa.2015.10.045",
author = "Filipe Mutz and Lucas P. Veronese and Thiago Oliveira-Santos and Edilson de Aguiar and Fernando A. Auat Cheein and Alberto Ferreira De Souza"
}

    
@article{ACs2,
    author = {Levinson, J. and Montemerlo, M. and Thrun, S.},
    doi = {10.15607/RSS.2007.III.016},
    journal = {Robotics: Science and Systems III},
    title = "{Map-Based Precision Vehicle Localization in Urban Environments}",
    year = {2007}
}

@INPROCEEDINGS{ACs4, 
author={J. Hidalgo-Carrió and D. Hennes and J. Schwendner and F. Kirchner}, 
booktitle={IEEE International Conference on Robotics and Automation (ICRA)}, 
title="{Gaussian process estimation of odometry errors for localization and mapping}", 
year={2017}, 
pages={5696-5701}, 
doi={10.1109/ICRA.2017.7989670}}

@article{map_comp,
    author = "{Héber Sobreira, Carlos M. Costa, Ivo Sousa, Luis Rocha, José Lima, P. C. M. A. Farias, Paulo Costa, A. Paulo Moreira }",
    title = "{Map-Matching Algorithms for Robot Self-Localization: A Comparison Between Perfect Match, Iterative Closest Point and Normal Distributions Transform}",
    journal = "Journal of Intelligent and Robotic Systems: Theory and Applications",
    year = "2018"} 
    
@article{ndt_map,
    author = {Martin Magnusson},
    title = "{3D Scan Matching for Mobile Robots with Application to Mine Mapping}",
    year = {2006}}

@article{map3,
    author = {Feng Lu and Evangelos Milios},
    title = "{Globally consistent range scan alignment for environment mapping}",
    year = {1997}}
    
@ARTICLE{map4, 
author={G. Grisetti and R. Kummerle and C. Stachniss and W. Burgard}, 
journal={IEEE Intelligent Transportation Systems Magazine}, 
title="{A Tutorial on Graph-Based SLAM}", 
year={2010}, 
pages={31-43}, 
doi={10.1109/MITS.2010.939925}}
    
@INPROCEEDINGS{map5, 
author={F. Dellaert and D. Fox and W. Burgard and S. Thrun}, 
booktitle={Proceedings 1999 IEEE International Conference on Robotics and Automation}, 
title="{Monte Carlo localization for mobile robots}", 
year={1999}, 
pages={1322-1328},
doi={10.1109/ROBOT.1999.772544}}
    
@misc{kalman7,
    author = "Thomas Moore and Daniel Stouch",
    title = "{Robot Localization}",
    year = "2018",
    url = "http://docs.ros.org/lunar/api/robot_localization/html/index.html#",
    note = "[Accessed 27-July-2018]"}
    
@misc{SAE,
    author = "{SAE J 3016}",
    title = "{Taxonomy and Definitions for Terms Related to Driving Automation Systems for On-Road Motor Vehicles}",
    url = "https://www.sae.org/standards/content/j3016_201806/",
    note = "[Accessed 25-August-2018]",
    year = "2018"}
    
@misc{ centroid,
    author = "Paul Bourke",
    title = "{Calculating The Area And Centroid Of A Polygon}",
    year = "1988",
    url = "http://www.seas.upenn.edu/~sys502/extra_materials/Polygon%20Area%20and%20Centroid.pdf",
    note = "[Accessed 25-July-2018]"}

@misc{ chp2.1,
    author = "Alexi Baker",
    title = "{Dead reckoning}",
    year = "2015",
    url = "https://cudl.lib.cam.ac.uk/view/ES-LON-00005",
    note = "[Accessed 01-September-2018]"}
 
@misc{ chp2.2,
    author = "Sarah Jensen",
    title = "{Why is speed at sea measured in knots?}",
    year = "2015",
    url = "https://engineering.mit.edu/engage/ask-an-engineer/why-is-speed-at-sea-measured-in-knots/",
    note = "[Accessed 01-September-2018]"}

@misc{ chp2.3,
    author = "{The Editors of Encyclopaedia Britannica}",
    title = "{Dead reckoning-Navigation}",
    year = "2014",
    url = "https://www.britannica.com/technology/dead-reckoning-navigation",
    note = "[Accessed 01-September-2018]"}
    
@misc{ rep105,
    author = "Wim Meeussen",
    title = "{Coordinate Frames for Mobile Platforms}",
    year = "2011",
    url = "http://www.ros.org/reps/rep-0105.html",
    note = "[Accessed 07-August-2018]"}  
  
@misc{ utm,
    author = {Enric Galceran and Marija Popović},
    title = "{Geodetic Utils}",
    year = "2015",
    url = "https://github.com/ethz-asl/geodetic_utils",
    note = "[Accessed 08-August-2018]"}  
  
@misc{plane,
  author = "David W. Henderson",
  title = "{Differential geometry}.",
  year = "2015",
  url = "https://www.britannica.com/science/differential-geometry",
  note = "[Accessed 10-July-2018]"}
 
@misc{icp1,
    author = {Wolfram Burgard and Cyrill Stachniss and Maren Bennewitz and Kai Arras},
    title = "{Iterative Closest Point Algorithm}",
    url="http://ais.informatik.uni-freiburg.de/teaching/ss11/robotics/slides/17-icp.pdf",
    year = "2011",
    note = "[Accessed 30-July-2018]"}